@string{tip = "IEEE Transactions on Image Processing"}
@string{cviu = "Computer Vision and Image Understanding"}
@string{jmiv = "Journal of Mathematical Imaging and Vision"}
@string{ijcv = "International Journal of Computer Vision"}

%%% applications %%%%

@article{Frisch-nature,
title={A reconstruction of the initial conditions of the Universe by optimal mass transportation}, 
volume={417}, 
journal={Nature}, 
author={U. Frisch and s. Matarrese and R. Mohayaee and A. Sobolevski}, 
year={2002}, 
pages={260?-262}
}

@article{CorderoErausquin-sobolev,
title = "A mass-transportation approach to sharp Sobolev and Gagliardo-Nirenberg inequalities",
journal = "Advances in Mathematics ",
volume = "182",
number = "2",
pages = "307--332",
year = "2004",
author = "D. Cordero-Erausquin and B. Nazaret and C. Villani"
}


@incollection{Blum2009,
    hal_id = {inria-00391892},
    url = {http://hal.inria.fr/inria-00391892},
    title = {Data Assimilation for Geophysical Fluids},
    author = {Blum, J. and Le Dimet, F-X. and Navon, I. M.},
    booktitle = {{Computational Methods for the Atmosphere and then Oceans}},
    publisher = {Elsevier},
    pages = {385--442},
    volume = {14},
    year = {2009}
}


@inproceedings{Rabin_ssvm11,
year={2011},
booktitle={Scale Space and Variational Methods in Computer Vision (SSVM'11)},
volume={6667},
title={Wasserstein Barycenter and Its Application to Texture Mixing},
author={Rabin, J. and Peyr\'{e}, G. and Delon, J. and Bernot, M.},
pages={435--446}
}

 @inproceedings{Peyre2012,
    title = {Wasserstein Active Contours},
   	author = {Peyr{\'e}, G.  and Fadili, J.  and Rabin, J.},
     year = {2012}, 
  booktitle = {IEEE International Conference on Image Processing (ICIP'12)}
}

@INPROCEEDINGS{Rabin2011,
author={Rabin, J. and Peyr\'e, G.},
booktitle={IEEE International Conference on Image Processing (ICIP'11)}, 
title={Wasserstein regularization of imaging problem},
pages={1541--1544},
year={2011},
doi={10.1109/ICIP.2011.6115740},
ISSN={1522-4880}
}

@article{Merigot2011,
author = {M\'erigot, Q.},
title = {A multiscale approach to optimal transport},
journal = {Computer Graphics Forum},
volume = 30,
number = {5},
pages = {1583--1592},
year = {2011}
}
@INPROCEEDINGS{Rubner1998,
author={Rubner, Y. and Tomasi, C. and Guibas, L.J.},
booktitle={IEEE International Conference on Computer Vision (ICCV'98)}, 
title={A metric for distributions with applications to image databases},
year={1998},
pages={59--66}
}


@article{Delon-midway,
	Author = {J. Delon},
	Journal = tip,
	Number = {1},
	Numpages = {8},
	Pages = {241--248},
	Publisher = {IEEE Press},
	Title = {Movie and video scale-time equalization application to flicker reduction},
	Url = {http://dx.doi.org/10.1109/TIP.2005.860328},
	Volume = {15},
	Year = {2006},
	Bdsk-Url-1 = {http://dx.doi.org/10.1109/TIP.2005.860328}}


@article{Bonneel-displacement, 
author = {Bonneel, N. and {van de Panne}, M. and Paris, S. and Heidrich, W.}, 
title = {Displacement Interpolation Using Lagrangian Mass Transport}, 
journal = {ACM Transactions on Graphics (Proceedings of SIGGRAPH Asia 2011)}, 
volume = {30}, 
number = {6}, 
year = {2011}, 
}


@INPROCEEDINGS{Pele-ICCV, 
author={Pele, O. and Werman, M.}, 
booktitle={IEEE  International Conference on Computer Vision}, 
title={Fast and robust Earth Mover's Distances}, 
year={2009}, 
series={ICCV'09},
pages={460--467} 
}

@INPROCEEDINGS{Shirdhonkar2008,
author={Shirdhonkar, S. and Jacobs, D.W.},
booktitle={IEEE Conference on Computer Vision and Pattern Recognition (CVPR'08)}, 
title={Approximate earth mover's distance in linear time},
year={2008},
pages={1-8},
doi={10.1109/CVPR.2008.4587662},
ISSN={1063-6919}
}

@ARTICLE{Papadakis-colors, 
author={Papadakis, N. and Provenzi, E. and Caselles, V.}, 
journal={Image Processing, IEEE Transactions on}, 
title={A Variational Model for Histogram Transfer of Color Images}, 
year={2011}, 
volume={20}, 
number={6}, 
pages={1682--1695}, 
}

@inproceedings{2013-ssvm-mixing,
    title = "Static and Dynamic Texture Mixing Using Optimal Transport",
   	author = "S. Ferradans and G-S. Xia  and G. Peyr{\'e} and J-F. Aujol",
     booktitle = "Proc. SSVM'13",
     year = "2013", 
	pages={137--148},
	volume={7893},
	series={Lecture Notes in Computer Science},
	publisher={Springer Berlin Heidelberg},
}




@article{Benamou-Semigeostrophic,
author = {Benamou, J. and Brenier, Y.},
title = {Weak Existence for the Semigeostrophic Equations Formulated as a Coupled Monge--Ampère/Transport Problem},
journal = {SIAM Journal on Applied Mathematics},
volume = {58},
number = {5},
pages = {1450--1461},
year = {1998},
}





@article{haker-ijcv,
	Author = {Haker, S. and Zhu, L. and Tannenbaum, A. and Angenent, S.},
	Journal = ijcv,
	Month = dec,
	Number = {3},
	Numpages = {16},
	Pages = {225--240},
	Publisher = {Kluwer Academic Publishers},
	Title = {Optimal Mass Transport for Registration and Warping},
	Volume = {60},
	Year = {2004},
}

@article{digne-reconstruction,
year={2013},
journal=jmiv,
title={Feature-Preserving Surface Reconstruction and Simplification from Defect-Laden Point Sets},
publisher={Springer US},
keywords={Optimal transportation; Wasserstein distance; Linear programming; Surface reconstruction; Shape simplification; Feature recovery},
author={Digne, J. and Cohen-Steiner, D. and Alliez, P. and Goes, F. and Desbrun, M.},
pages={1--14},
language={English}
}


%%% Wasserstein gradient flow %%%%

@article{Carrillo-diffusive,
author = {Carrillo, J. and Moll, J.},
title = {Numerical Simulation of Diffusive and Aggregation Phenomena in Nonlinear Continuity Equations by Evolving Diffeomorphisms},
journal = {SIAM Journal on Scientific Computing},
volume = {31},
number = {6},
pages = {4305--4329},
year = {2010},
}

@article{During-gradient-flow,
author = {B. During and D. Matthes and J.P. Milisic},
title = {A gradient flow scheme for nonlinear fourth order equations},
journal = {Discrete and Continuous Dynamical Systems - Series B},
volume = {14},
number = {3},
pages = {935--959},
year = {2010},
}

@article{Ferragut-mixed-fem,
 author = {L. Ferragut and I. Asensio},
 title = {Mixed finite element methods for a class of nonlinear reaction diffusion problems},
 journal = {Neural, Parallel Sci. Comput.},
 volume = {10},
 number = {1},
 year = {2002},
 pages = {91--112},
 publisher = {Dynamic Publishers, Inc.},
 address = {Atlanta, GA, USA},
} 

@article{jko,
author = {Jordan, R. and Kinderlehrer, D. and Otto, F.},
title = {The Variational Formulation of the Fokker--Planck Equation},
journal = {SIAM Journal on Mathematical Analysis},
volume = {29},
number = {1},
pages = {1--17},
year = {1998},
}



%%% biblio manifold %%%

@article{McCann-PolarManifold,
year={2001},
issn={1016-443X},
journal={Geometric \& Functional Analysis},
volume={11},
number={3},
title={Polar factorization of maps on Riemannian manifolds},
publisher={Birkh�user Verlag},
author={McCann, R.J.},
pages={589-608},
}

@book{Villani-OldNew,
    author = {Villani, C.},
    isbn = {3540710493},
    month = nov,
    publisher = {Springer},
    series = {Grundlehren der mathematischen Wissenschaften},
    title = {Optimal Transport: Old and New},
    year = {2008}
}

@TechReport{KimPass-MultiMarg-Manifold,
    title = "Multi-marginal optimal transport on Riemannian manifolds",
   	author = "Y-H. Kim and B. Pass",
     institution = "Preprint arXiv:1303.6251",
     year = "2013", 
}
@ARTICLE{sethianFM1995,
  author = {Sethian, J. A. },
  title = {A Fast Marching Level Set Method for Monotonically Advancing Fronts},
  journal = "Proc. of the National Academy of Sciences",
  year = {1996},
  volume = {93},
  pages = {1591--1595},
  number = {4}
}

@ARTICLE{sethian-geodesic-path,
  author = {R. Kimmel and J.A. Sethian},
  title = {{C}omputing {G}eodesic {P}aths on {M}anifolds},
  journal = "Proc. of the National Academy of Sciences",
  year = {1998},
  volume = {95},
  pages = {8431--8435},
  number = {15},
  url = {http://citeseer.nj.nec.com/kimmel98computing.html}
}

@ARTICLE{tsitsiklis-TAC,
  author = {J. Tsitsiklis},
  title = {{E}fficient {A}lgorithms for {G}lobally {O}ptimal {T}rajectories},
  journal = {IEEE Trans. on Automatic Control},
  year = {1995},
  volume = {40},
  pages = {1528--1538},
  number = {9},
  month = {Step.}
}

@ARTICLE{bornemann-fm,
  author = {F. Bornemann and C. Rasch},
  title = {Finite-Element Discretization of Static Hamilton-Jacobi Equations
	Based on a Local Variational Principle},
  journal = {Comput. Visual Sci.},
  year = {2006},
  volume = {9},
  pages = {57--69},
  number = {2}
}




%%%%


@article{delon-concave,
  author = {J. {Delon} and J. {Salomon} and A. {Sobolevskii}},
  title = { Local matching indicators for transport problems with concave costs},
  journal = {SIAM Journal on Discrete Mathematics},
  year = 2012,
  volume = {26},
  number = {2},
  pages = {801--827}
}

@article{delon-circle,
  title={{Fast Transport Optimization for Monge Costs on the Circle}},
  author={Delon, J. and Salomon, J. and Sobolevski, A.},
  journal={SIAM Journal on Applied Mathematics},
  volume={70},
  number={7},
  pages={2239--2258},
  year={2010}
}

@incollection{combettes-pesquet-review,
  author = "{C}ombettes, P.L. and {P}esquet, J-C.",
  year = "2011",
  title = "{P}roximal splitting methods in signal processing",
  booktitle = "{F}ixed-{P}oint {A}lgorithms for {I}nverse {P}roblems in {S}cience and {E}ngineering",
  pages = "185--212",
  publisher = "{S}pringer",
}
 % editor = "{B}auschke, {H}.{H}. and {B}urachik, {R}.{S}. and {C}ombettes, {P}.{L}. and {E}lser, {V}. and {L}uke, {D}.{R}. and {W}olkowicz, {H}. ",
@Article{Briceno-Arias-PD,
  title =	"A Monotone+Skew Splitting Model for Composite Monotone
		 Inclusions in Duality",
  author =	"L. M. Brice{\~n}o-Arias and P. L. Combettes",
  journal =	"SIAM Journal on Optimization",
  year = 	"2011",
  number =	"4",
  volume =	"21",
  bibdate =	"2011-11-04",
  pages =	"1230--1250",
}

@article{Tseng:2000:MFS:334817.334821,
 author = {Tseng, Paul},
 title = {A Modified Forward-Backward Splitting Method   for Maximal Monotone Mappings},
 journal = {SIAM J. Control Optim.},
 issue_date = {Jan. 2000},
 volume = {38},
 number = {2},
 month = jan,
 year = {2000},
 issn = {0363-0129},
 pages = {431--446},
 numpages = {16},
 url = {http://dx.doi.org/10.1137/S0363012998338806},
 doi = {10.1137/S0363012998338806},
 acmid = {334821},
 publisher = {Society for Industrial and Applied Mathematics},
 address = {Philadelphia, PA, USA},
 keywords = {convex programming, decomposition, extragradient method, forward-backward splitting method, maximal monotone mapping, variational inequality},
} 


@Article{Lions-Mercier-DR,
  author =	"P. L. Lions and B. Mercier",
  title =	"Splitting Algorithms for the Sum of Two Nonlinear
		 Operators",
  journal =	"Siam J. Numer. Anal.",
  year = 	"1979",
  volume =	"16",
  pages =	"964--979",
}


@book{anderson-cfd,    
    author = {Anderson, J.},
    publisher = {McGraw-Hill Science/Engineering/ Math},
    title = {{Computational Fluid Dynamics}},
    year = {1995}
}

@Book{Nesterov-Nemirovsky-Book,
  author =	"Nesterov, Y. E. and Nemirovsky, A. S.",
  title =	"Interior Point Polynomial Methods in Convex
		 Programming~: Theory and Algorithms",
  publisher =	"SIAM Publishing",
  year = 	"1993",
}


@book{Burkard09,
 author = {Burkard, R. and Dell'Amico, M. and Martello, S.},
 title = {Assignment Problems},
 year = {2009},
 isbn = {0898716632, 9780898716634},
 publisher = {Society for Industrial and Applied Mathematics},
 address = {Philadelphia, PA, USA},
} 




@article{Carlier_wasserstein_barycenter,
author = {M. Agueh and G. Carlier},
title = {Barycenters in the Wasserstein space},
  journal =	"SIAM Journal on Mathematical Analysis",
  volume =	"43",
  year = 	"2011",
  number =	"2",
  pages =	"904--924",
}

@ARTICLE{Oliker-Prussner-1988,
    author = {V. I. Oliker and L. D. Prussner}, 
    title = {On the numerical solution of the equation 
    $\frac{\partial^2 z}{\partial x^2} \frac{\partial^2 z}{\partial y^2}
     - \left(\frac{\partial^2 z}{\partial x \partial y} \right)^2 = f$ 
    and its discretizations},
    journal = {Numerische Mathematik},  
	number=54,
	volume = 3,
    pages = {271--293}, 
    year = 1988,
}

@ARTICLE{Oberman-2008,
    author = {A. M. Oberman},
    title = {Wide stencil finite difference schemes for the elliptic Monge-Ampere equation and functions of the eigenvalues of the Hessian},  
    journal = {Discrete and Continuous Dynamical Systems - Series B},  
	number=10,
	volume = 1,
    pages = {221--238}, 
    year = 2008,
}

@ARTICLE{Dean-Glowinski-2006,
    author = {E. J. Dean and R. Glowinski},
    title = {An augmented Lagrangian approach to the numerical solution of the Dirichlet problem for the elliptic Monge-Amp\`ere equation in two dimensions}, 
    journal = {Electron. Trans. Numer. Anal.},  
	volume = 22,
    pages = {71--96},
    year = 2006,
}

@ARTICLE{Feng-Neilan-2009,
    author = {X. Feng and M. Neilan},
    title = {Mixed finite element methods for the fully non- linear Monge-Amp\`ere equation based on the vanishing moment method}, 
    journal = {SIAM Journal on Numerical Analysis},  
	number=47,
	volume = 2,
    pages = {1226--1250}, 
    year = 2009,
}


@ARTICLE{Angenent2003,
    author = {Angenent, S. and Haker, S. and Tannenbaum, A.},
    title = {Minimizing Flows for the Monge-Kantorovich Problem},
    journal = {SIAM Journal on Mathematical Analysis},
    year = {2003},
	number={1},
    volume = {35},
    pages = {61--97}
}

@Article{Kuhn-hungarian,
  author =	"{H. W. Kuhn}",
  title =	"The {Hungarian} Method of Solving the Assignment
		 Problem",
  journal =	"Naval Res. Logistics Quart.",
  volume =	"2",
  pages =	"83--97",
  year = 	"1955",
}

@book{Arrow1958,
 	author={K.J. Arrow and L. Hurwicz and H. Uzawa},
	title={Studies in linear and non-linear programming},
	publisher={Stanford University Press}, 
	year={1958}
}

@Book{Dantzig-Book,
  author =	"G. B. Dantzig",
  year = 	"1963",
  title =	"Linear Programming and Extensions",
  publisher =	"Princeton University Press",
  address =	"Princeton, NJ",
  kwds = 	"book, nla, nlop, linear programming",
}


@article{Benamou1995,
 author = {Benamou, J.-D.},
 title = {A domain decomposition method for the polar factorization of vector-valued mappings},
 journal = {SIAM Journal on Numerical Analysis},
 volume = {32},
number = {6},
 year = {1995},
 issn = {0036-1429},
 pages = {1808--1838}
} 


@article{Benamou2000,
 author = {Benamou, J.-D.  and Brenier, Y. },
 title = {A computational fluid mechanics solution of the Monge-Kantorovich mass transfer problem},
journal={Numerische Mathematik}, 
volume={84},
number={3},
year={2000},
pages={375--393}
}


%% Check this one
@article{Benamou2001,
 author = {Benamou, J.-D. and Brenier, Y.},
 title = {Wasserstein Optimal Mapping Between Prescribed Densities Functions},
journal={Journal of Optimization Theory and Applications }, 
volume={111},
number = {2},
year={2001},
pages={255--271}
}

@article{Benamou2010,
author = {Benamou, J.-D.},
journal = {ESAIM: Mathematical Modelling and Numerical Analysis},
number = {5},
pages = {851--868},
title = {Numerical resolution of an ``unbalanced'' mass transport problem},
volume = {37},
year = {2010},
}


@article{Benamou2012,
author = {Benamou, J.-D. and  Froese, B. D. and Oberman A. M.},
title = {Numerical Solution of the Optimal Transportation Problem via viscosity solutions for the Monge-Ampere equation},
 journal   = {CoRR},
  volume    = {abs/1208.4873},
  year      = {2012},
  ee        = {http://arxiv.org/abs/1208.4873}
}

@article{Bertsekas1988,
year={1988},
issn={0254-5330},
journal={Annals of Operations Research},
volume={14},
issue={1},
doi={10.1007/BF02186476},
title={The auction algorithm: A distributed relaxation method for the assignment problem},
author={Bertsekas, D.P.},
pages={105-123}
}

@article{Brenier1991,
 author = {Brenier, Y.},
 title = {Polar factorization and monotone rearrangement of vector-valued functions},
journal = {Communications on Pure and Applied Mathematics},
number = {4},
pages = {375--417},
volume = {44},
year = {1991},
}

@article{Burger2011,
author = {Burger, M. and Franek, M. and Sch\"olieb, C.-B.},
 title = {Regularized Regression and Density Estimation based on Optimal Transport},
 journal = "Applied Mathematics Research eXpress",
 year={2011}
 }

@article{Cardaliaguet2012,
year={2012},
journal={Calculus of Variations and Partial Differential Equations},
title={Geodesics for a class of distances in the space of probability measures},
author={Cardaliaguet, P. and Carlier, G. and Nazaret, B.},
pages={1--26}
}


@article {Chambolle2011,
   author = {Chambolle, A. and Pock, T.},
 title = {A First-Order Primal-Dual Algorithm for Convex Problems with Applications to Imaging},
   journal = jmiv,
   issn = {0924-9907},
   pages = {120--145},
   volume = {40},
   number = {1},
   year = {2011}
},

@article{Clarysse2010,
 author = {Clarysse, P. and Delhay, B. and Picq, M. and Pousin, J.},
 title = {Optimal extended optical flow subject to a statistical constraint},
 journal = {Journal of Computational and Applied Mathematics},
 volume = {234},
 number = {4},
 year = {2010},
 pages = {1291--1302}
 } 

@ARTICLE{Combettes2007,
author={Combettes, P.L. and Pesquet, J.-C.},
journal={IEEE Journal of Selected Topics in Signal Processing}, 
title={A Douglas-Rachford Splitting Approach to Nonsmooth Convex Variational Signal Recovery},
year={2007},
volume={1},
number={4},
pages={564 -574},
doi={10.1109/JSTSP.2007.910264},
ISSN={1932-4553}
}

@ARTICLE{Pustelnik-PPXA, 
author={Pustelnik, N. and Chaux, C. and Pesquet, J.}, 
journal={IEEE Transactions on Image Processing}, 
title={Parallel Proximal Algorithm for Image Restoration Using Hybrid Regularization}, 
year={2011}, 
volume={20}, 
number={9}, 
pages={2450--2462}, 
}

@ARTICLE{CombettesPesquet-PPXA, 
author={P. L. Combettes and J.-C. Pesquet}, 
journal={Inverse Problems}, 
title={A proximal decomposition method for solving convex variational inverse problems}, 
year={2011}, 
volume={24}, 
number={6}, 
pages={065014}, 
}

@article{Spingarn85,
year={1985},
journal={Mathematical Programming},
volume={32},
number={2},
title={Applications of the method of partial inverses to convex programming: Decomposition},
publisher={Springer-Verlag},
author={Spingarn, J.E.},
pages={199--223},
}




@article {deGoes2011,
author = {de Goes, F. and Cohen-Steiner, D. and Alliez, P. and Desbrun, M.},
title = {An Optimal Transport Approach to Robust Reconstruction and Simplification of 2D Shapes},
journal = {Computer Graphics Forum},
volume = {30},
number = {5},
issn = {1467-8659},
pages = {1593--1602},
year = {2011},
}


@article{dolbeault2009,
    title = {A new class of transport distances between measures},
    author = {Dolbeault, J. and Nazaret, B. and Savar{\'e}, G.},
    pages = {193-231},
    journal = {Calculus of Variations and Partial Differential Equations},
    volume = {34},
   number = {2},
    year = {2009},
	}

 @article{Douglas1956,
     title = {On the Numerical Solution of Heat Conduction Problems in Two and Three Space Variables},
     author = {Douglas, J. Jr. and Rachford, H. H. Jr.},
     journal = {Transactions of the American Mathematical Society},
     volume = {82},
     number = {2},
     pages = {4421--439},
     ISSN = {00029947},
     year = {1956},
     publisher = {American Mathematical Society},
   }

@book{Fortin1983,
  title={Augmented Lagrangian Methods: Applications to the Numerical Solution of Boundary-Value Problems},
  author={Fortin, M. and Glowinski, R.},
  year={1983},
  publisher={Elsevier Science}
}

@phdthesis{Froese_phd2012,
title={Numerical methods for the elliptic Monge-Ampere equation and optimal transport},
author={Froese, B. D.},
    year = {2012},
school={Department of Mathematics, Simon Fraser University, Burnaby, Canada}
}

@article{Froese2012,
author = {Froese, B. D.},
title = {A Numerical Method for the Elliptic Monge-Amp\`ere Equation with Transport Boundary Conditions},
journal = {SIAM Journal on Scientific Computing},
volume = {34},
number = {3},
pages = {A1432--A1459},
year = {2012},
doi = {10.1137/110822372},
}


	
@INPROCEEDINGS{Grauman2004,
author={Grauman, K. and Darrell, T.},
booktitle={IEEE Conference on Computer Vision and Pattern Recognition (CVPR'04)}, 
title={Fast contour matching using approximate earth mover's distance},
volume={1},
pages = {220--227},
year={2004},
doi={10.1109/CVPR.2004.1315035},
ISSN={1063-6919}
}

@article{Haber2010,
author = {Haber, E. and Rehman, T. and Tannenbaum, A.},
title = {An Efficient Numerical Method for the Solution of the $L_2$ Optimal Mass Transfer Problem},
journal = {SIAM Journal on Scientific Computing},
volume = {32},
number = {1},
pages = {197--211},
year = {2010},
doi = {10.1137/080730238}}




@article{Harlow1965,
   author = {Harlow, F. H. and Welch, J. E.},
	doi = {10.1063/1.1761178},
    journal = {Physics of Fluids},
    number= {12},
    pages = {2182--2189},
   title = {Numerical Calculation of Time-Dependent Viscous Incompressible Flow of Fluid with Free Surface},
    volume = {8},
    year = {1965}
}

@article{haker2004,
 author = {Haker, S. and Zhu, L. and Tannenbaum, A. and Angenent, S.},
 title = {Optimal Mass Transport for Registration and Warping},
 journal = ijcv,
 volume = {60},
 number = {3},
 year = {2004},
 issn = {0920-5691},
 pages = {225--240}
}  

@inproceedings{Indyk2011,
 author = {Indyk, P. and Price, E.},
 title = {K-median clustering, model-based compressive sensing, and sparse recovery for earth mover distance},
 booktitle = {ACM Symposium on Theory of COmputing (STOC'11)},
 year = {2011},
 isbn = {978-1-4503-0691-1},
 pages = {627--636}
} 


@article{Iollo2011,
 author = {Iollo, A. and Lombardi, D.},
 title = {A Lagrangian scheme for the solution of the optimal mass transfer problem},
 journal = {Journal of Computational Physics},
 volume = {230},
 number = {9},
 year = {2011},
 issn = {0021-9991},
 pages = {3430--3442}
} 

@article{Kitagawa2012,
author = {Kitagawa, J.},
title = {An iterative scheme for solving the optimal transportation problem},
 journal   = {CoRR},
  volume    = {abs/1208.5172},
  year      = {2012},
  ee        = {http://arxiv.org/abs/1208.5172}
  }


@article{Knot1984,
year={1984},
issn={0022-3239},
journal={Journal of Optimization Theory and Applications},
volume={43},
number={1},
title={On the optimal mapping of distributions},
keywords={Inequalities; marginal distributions; Fr�chet derivatives},
author={Knott, M. and Smith, C.S.},
pages={39--49}
}

@article{Ling2007,
 author = {Ling, H. and Okada, K.},
 title = {An Efficient Earth Mover's Distance Algorithm for Robust Histogram Comparison},
 journal = {IEEE Transactions on Pattern Analysis and Machine Intelligence},
 volume = {29},
 number = {5},
 year = {2007},
 issn = {0162-8828},
 pages = {840--853}
 } 

@article{Loeper2005,
title = {Numerical solution of the Monge-Amp\`ere equation by a Newton's algorithm},
journal = {Comptes Rendus Mathematique},
volume = {340},
number = {4},
pages = {319 - 324},
year = {2005},
author = {Loeper, G. and Rapetti, F.}
}


@TechReport{Raguet2011,
    title = {Generalized Forward-Backward Splitting},
   	author = {Raguet, H. and Fadili, J.  and Peyr{\'e}, G.},
     institution = {Preprint Hal-00613637},
     year = {2011}, 
     url = {http://hal.archives-ouvertes.fr/hal-00613637/},
}



@book{Strang1988,
    author = {Strang, G.},
   isbn = {0155510053},
    posted-at = {2006-08-16 13:15:58},
    publisher = {Brooks Cole},
    title = {Linear Algebra and Its Applications},
   year = {1988}
}
@article{Sulman2011,
 author = {Sulman, M.  and Williams, J. F. and Russell, Robert D.},
 title = {An efficient approach for the numerical solution of the Monge-Amp\`ere equation},
 journal = {Applied Numerical Mathematics},
 volume = {61},
 number = {3},
 month = mar,
 year = {2011},
 issn = {0168-9274},
 pages = {298--307}
} 

@article{Sulman2011b,
 author = {Sulman, M. and Williams, J. F. and Russell, R. D.},
 title = {Optimal mass transport for higher dimensional adaptive grid generation},
 journal = {Journal of Computational Physics},
 volume = {230},
 number = {9},
 year = {2011},
 issn = {0021-9991},
 pages = {3302--3330}
} 




@book{VanLoan1992,
 author = {Van Loan, C.},
 title = {Computational frameworks for the fast Fourier transform},
 year = {1992},
 isbn = {0-89871-285-8},
 publisher = {Society for Industrial and Applied Mathematics},
 address = {Philadelphia, PA, USA},
} 

@book{Villani03,
  title={Topics in Optimal Transportation},
  author={Villani, C.},
  isbn={9780821833124},
  lccn={03040350},
  series={Graduate Studies in Mathematics Series},
  url={http://books.google.fr/books?id=GqRXYFxe0l0C},
  year={2003},
  publisher={American Mathematical Society}
}

@article{Wang2013,
 author = {Wang, W. and Slep\v{c}ev, D. and Basu, S. and Ozolek, J. A. and Rohde, G. K.},
 title = {A Linear Optimal Transportation Framework for Quantifying and Visualizing Variations in Sets of Images},
 journal = {International Journal of Computer Vision},
 volume = {101},
 number = {2},
 year = {2013},
 issn = {0920-5691},
 pages = {254--269}
 } 

%%% ADMM %%%


@incollection{Gabay83,
    address = {Amsterdam},
    author = {Gabay, D.},
    booktitle = {Augmented {L}agrangian Methods: Applications to the Solution of Boundary Value Problems},
    chapter = {IX},
    citeulike-article-id = {10247178},
    editor = {Fortin, M. and Glowinski, R.},
    pages = {299--340},
    posted-at = {2012-01-20 13:10:01},
    priority = {2},
    publisher = {North-Holland},
    title = {{Applications of the method of multipliers to variational inequalities}},
    year = {1983}
}

@ARTICLE{Eckstein1992,
    author = {J. Eckstein and D. P. Bertsekas},
    title = {On the Douglas-Rachford splitting method and the proximal point algorithm for maximal monotone operators},
    journal = {Mathematical Programming},
    year = {1992},
    volume = {55},
	issue={3},
    pages = {293--318}
}

@article{GabayMercier,
title = "A dual algorithm for the solution of nonlinear variational problems via finite element approximation ",
journal = "Computers \& Mathematics with Applications ",
volume = "2",
number = "1",
pages = "17--40",
year = "1976",
note = "",
author = "D. Gabay and B. Mercier"
}

@article{GlowinskiMarroco,
author = {Glowinski, R. and Marroco, A.},
journal = {ESAIM: Mathematical Modelling and Numerical Analysis - Mod�lisation Math�matique et Analyse Num�rique},
number = {R2},
pages = {41--76},
publisher = {EDP Sciences},
title = {Sur l'approximation, par �l�ments finis d'ordre un, et la r�solution, par p�nalisation-dualit� d'une classe de probl�mes de Dirichlet non lin�aires},
volume = {9},
year = {1975},
}

@article{BoydADMM,
 author = {Boyd, S. and Parikh, B. and Chu, E. and Peleato, B. and Eckstein, J.},
 title = {Distributed Optimization and Statistical Learning via the Alternating Direction Method of Multipliers},
 journal = {Found. Trends Mach. Learn.},
 issue_date = {January 2011},
 volume = {3},
 number = {1},
 month = jan,
 year = {2011},
 pages = {1--122},
 publisher = {Now Publishers Inc.},
 address = {Hanover, MA, USA},
} 


@article{Moreau1965,
author = {Moreau, J.J.},
journal = {Bulletin de la Soci�t� Math�matique de France},
keywords = {functional analysis},
language = {fre},
pages = {273-299},
publisher = {Soci�t\'e math�matique de France},
title = {Proximit\'e et dualit\'e dans un espace hilbertien},
url = {http://eudml.org/doc/87067},
volume = {93},
year = {1965},
}
